
@ARTICLE{becker2008a,
  author = {Steffen Becker and Heiko Koziolek and Ralf Reussner},
  title = {{T}he {P}alladio component model for model-driven performance prediction},
  journal = {JSS},
  year = {2009},
  volume = {82},
  pages = {3--22},
  doi = {10.1016/j.jss.2008.03.066},
  publisher = {Elsevier Science Inc.},
  url = {http://dx.doi.org/10.1016/j.jss.2008.03.066}
}

@MISC{
  scintillatorManual,
  author = {Saint-Gobain Crystals},
  title = {Premium Plastic Scintillators},
  year = {2005},
  howpublished = "\url{http://www.detectors.saint-gobain.com/uploadedFiles/SGdetectors/Documents/Product_Data_Sheets/BC400-404-408-412-416-Data-Sheet.pdf}",
  note = "[Online; accessed 11-07-2013]"
}

@MISC{
  KevinWierman,
  author = {Kevin Wierman},
  year = {2013},
  howpublished = "personal conversation"
}

@MISC{
  neutrinoMassScheme,
  author = {scienceblogs.com},
  title = {Neutino mass hierarchy},
  year = {2012},
  howpublished = "\url{http://scienceblogs.com/startswithabang/files/2012/01/mass-hierarchy.jpg}",
  note = "[Online; accessed 21-08-2013]"
}

@article{PhysRevLett.110.181802,
  title = {Evidence for the Appearance of Atmospheric Tau Neutrinos in Super-Kamiokande},
  author = {Abe, K. et al},
  collaboration = {Super-Kamiokande Collaboration},
  journal = {Phys. Rev. Lett.},
  volume = {110},
  issue = {18},
  pages = {181802},
  numpages = {7},
  year = {2013},
  month = {May},
  doi = {10.1103/PhysRevLett.110.181802},
  url = {http://link.aps.org/doi/10.1103/PhysRevLett.110.181802},
  publisher = {American Physical Society}
}

@THESIS{
  DTArlinghaus,
  author = {Henrik Arlinghaus},
  title = {Investigation of the muon-induced
secondary electron background in the
KATRIN Experiment},
  year = {2009},
  howpublished = "\url{http://www.uni-muenster.de/Physik.KP/AGWeinheimer/Files/theses/Diplom_Henrik_Arlinghaus.pdf}",
  note = "[Online; accessed 21-08-2013]"
}

@article{PhysRevLett.100.221803,
  title = {Precision Measurement of Neutrino Oscillation Parameters with KamLAND},
  author = {Abe, S. et al},
  collaboration = {The KamLAND Collaboration},
  journal = {Phys. Rev. Lett.},
  volume = {100},
  issue = {22},
  pages = {221803},
  numpages = {5},
  year = {2008},
  month = {Jun},
  doi = {10.1103/PhysRevLett.100.221803},
  url = {http://link.aps.org/doi/10.1103/PhysRevLett.100.221803},
  publisher = {American Physical Society}
}
@book{highEnergyCosmicRays,
title = {High energy cosmic rays : with 19 tab.},
series = {Springer-Praxis books in astrophysics and astronomy},
author = {Stanev, Todor},
address = {Berlin},
publisher = {Springer},
year = {2004},
edition = {2. ed.},
isbn = {3-540-40653-0},
size = {XII, 319 S. : graph. Darst.},
keywords = { ; Cosmic rays ; Kosmische Strahlung},
note = {2010 nochmals eine 2. ed. erschienen},
bestand = {Universitätsbibliothek Tübingen <21> [Signatur: 44 A 5034];
Sächsische Landesbibliothek - Staats- und Universitätsbibliothek <14>;
Universitätsbibliothek Konstanz <352> [Signatur: phy 960/s91];
Zentrum für Astronomie Heidelberg <16/155> [Signatur: PY/US 9500 S785];
Universität Heidelberg, Kirchhoff-Institut für Physik, <16/110> [Signatur: AP Stane];
Universität Heidelberg, Bereichsbibliothek Physik und Astronomie <16/108> [Signatur: PY/UO 9500 S785];
Karlsruher Institut für Technologie (KIT) - KIT-Bibliothek <90> [Signatur: 2006 A 2915(2)];
Badische Landesbibliothek <31> [Signatur: 104 A 4845];
},
URL = {http://swbplus.bsz-bw.de/bsz111348072cov.htm},
}

@ARTICLE{currentNeutrinoSearches,
   author = {{Drexlin}, G. and {Hannen}, V. and {Mertens}, S. and {Weinheimer}, C.
	},
    title = "{Current Direct Neutrino Mass Experiments}",
  url = {http://arxiv.org/abs/1307.0101},
  journal = {ArXiv e-prints},
archivePrefix = "arXiv",
   eprint = {1307.0101},
 primaryClass = "physics.ins-det",
 keywords = {Physics - Instrumentation and Detectors, High Energy Physics - Experiment},
     year = 2013,
    month = jun,
   adsurl = {http://adsabs.harvard.edu/abs/2013arXiv1307.0101D},
  adsnote = {Provided by the SAO/NASA Astrophysics Data System}
}
@ARTICLE{muonLifetime,
   author = {{Gorringe}, T.~P.},
    title = "{MuLan Measurement of the Positive Muon Lifetime and Determination of the Fermi Constant}",
  journal = {ArXiv e-prints},
archivePrefix = "arXiv",
   eprint = {1301.0504},
 primaryClass = "hep-ex",
 keywords = {High Energy Physics - Experiment, Nuclear Experiment, Physics - Instrumentation and Detectors},
     year = 2013,
    month = jan,
   adsurl = {http://adsabs.harvard.edu/abs/2013arXiv1301.0504G},
  adsnote = {Provided by the SAO/NASA Astrophysics Data System}
}
@INPROCEEDINGS{muonProductionHeight,
   author = {{Doll}, P. and {Apel}, W.~D. and {Arteaga}, J.~C. and {et al.}
	},
    title = "{Muon Production Height in the Air-Shower Experiment KASCADE-Grande}",
booktitle = {International Cosmic Ray Conference},
     year = 2008,
   series = {International Cosmic Ray Conference},
   volume = 4,
    pages = {115-118},
   adsurl = {http://adsabs.harvard.edu/abs/2008ICRC....4..115D},
  adsnote = {Provided by the SAO/NASA Astrophysics Data System}
}

@article{SNOOscillations,
  title = {Status of three-neutrino oscillations after the SNO-salt data},
  author = {Maltoni, M. and Schwetz, T. and T\'ortola, M. A. and Valle, J. W. F.},
  journal = {Phys. Rev. D},
  volume = {68},
  issue = {11},
  pages = {113010},
  numpages = {8},
  year = {2003},
  month = {Dec},
  doi = {10.1103/PhysRevD.68.113010},
  url = {http://link.aps.org/doi/10.1103/PhysRevD.68.113010},
  publisher = {American Physical Society}
}
@article{How09,
	Author = "{{Howe},~M.~A. }{\em{et al.}}",
	key="How09",
	Journal = "TUNL Progress Report",
	Volume = "XLVIII",
	Pages="179",
	Year = "2009"
}

@MISC{
  airCoilSystem,
  author = {F. Gl\"uck and others},
  title = {Air Coil System \& Magnetic Field Sensor System},
  year = {2009},
  howpublished = "\url{http://fuzzy.fzk.de/bscw/bscw.cgi/d530439/Air%20Coil%20System%20and%20Magnetic%20Field%20Sensor%20System.pdf}",
  note = "[Online; accessed 24-08-2013]"
}
@THESIS{
  radonGoerhard,
  author = {S. G\"orhardt},
  title = {Reduktion der durch Radon induzierten Untergrundprozesse in den KATRIN Spektrometern},
  school = {KIT},
  year = {2010},
  howpublished = "\url{http://www.katrin.kit.edu/publikationen/dth-goerhardt.pdf}",
  note = "[Online; accessed 27-08-2013]"
}
@MISC{
  airShower,
  author = {Anais Schaeffer},
  year = {2013},
  howpublished = "\url{http://cds.cern.ch/record/1345733/files/Cosmic_image.jpg}",
  note = "[Online; accessed 01-09-2013]"
}

@article{storedElectrons,
title = "Background due to stored electrons following nuclear decays in the \{KATRIN\} spectrometers and its impact on the neutrino mass sensitivity ",
journal = "Astroparticle Physics ",
volume = "41",
number = "0",
pages = "52 - 62",
year = "2013",
note = "",
issn = "0927-6505",
doi = "http://dx.doi.org/10.1016/j.astropartphys.2012.10.005",
url = "http://www.sciencedirect.com/science/article/pii/S0927650512001892",
author = "S. Mertens and G. Drexlin and F.M. Fränkle and D. Furse and F. Glück and S. Görhardt and M. Hötzel and W. Käfer and B. Leiber and T. Thümmler and N. Wandkowsky and J. Wolf",
keywords = "Neutrino mass",
keywords = "\{KATRIN\} experiment",
keywords = "Background",
keywords = "Radon emanation",
keywords = "Tritium beta decay",
keywords = "MAC-E-Filter "
}

@MISC{
  collabWireElectrodes,
  author = {M. Zacher},
  title = {20th KATRIN collaboration meeting - Wire electrode system installation status},
  year = {2011},
  howpublished = "\url{http://fuzzy.fzk.de/bscw/bscw.cgi/d694360/95-TRP-5006-S2-MZacher.pdf}",
  note = "[Online; accessed 01-09-2013]"
}

@MISC{
  rearSection,
  author = {M. Babutzka},
  title = {24th KATRIN collaboration meeting - Status of the Rearsection},
  year = {2013},
  howpublished = "\url{http://fuzzy.fzk.de/bscw/bscw.cgi/d847077/95-TRP-5401-S1-MBabutzka.pptx}",
  note = "[Online; accessed 01-09-2013]"
}

@MISC{
  tritiumTests,
  author = {F. Priester},
  title = {24th KATRIN collaboration meeting - Tritium Test Experiments},
  year = {2013},
  howpublished = "\url{http://fuzzy.fzk.de/bscw/bscw.cgi/d774076/95-TRP-5403-S1-FPriester.pptx}",
  note = "[Online; accessed 01-09-2013]"
}

@MISC{
  WGTS,
  author = {A. Kosmider},
  title = {24th KATRIN collaboration meeting - The Windowless Gaseous Tritium Source},
  year = {2013},
  howpublished = "\url{http://fuzzy.fzk.de/bscw/bscw.cgi/d774085/95-TRP-5404-S1-AKosmider.pptx}",
  note = "[Online; accessed 01-09-2013]"
}


@MISC{
  DPS,
  author = {L. Bornschein},
  title = {24th KATRIN collaboration meeting - Status of DPS},
  year = {2013},
  howpublished = "\url{http://fuzzy.fzk.de/bscw/bscw.cgi/d774094/95-TRP-5405-S2-LBornschein.ppt}",
  note = "[Online; accessed 01-09-2013]"
}

@MISC{
  CPS,
  author = {W. Gil},
  title = {24th KATRIN collaboration meeting - Status of Cryogenic Pumping Section},
  year = {2013},
  howpublished = "\url{http://fuzzy.fzk.de/bscw/bscw.cgi/d774107/95-TRP-5406-S2-WGIL.pptx}",
  note = "[Online; accessed 01-09-2013]"
}

@MISC{
  monitorPreSpec,
  author = {K. Schl{\"o}sser and S. G{\"o}rhardt},
  title = {24th KATRIN collaboration meeting - monitor \& pre-spectrometer},
  year = {2013},
  howpublished = "\url{http://fuzzy.fzk.de/bscw/bscw.cgi/d774116/95-TRP-5407-S2-KSchloesser-SGoerhardt.pptx}",
  note = "[Online; accessed 01-09-2013]"
}


@MISC{
  mainSpecStatus,
  author = {T. Th{\"u}mmler},
  title = {24th KATRIN collaboration meeting - SDS Status \& Spectrometer Bake-out},
  year = {2013},
  howpublished = "\url{http://fuzzy.fzk.de/bscw/bscw.cgi/d774576/95-TRP-5409-S3-TThuemmler.pdf}",
  note = "[Online; accessed 01-09-2013]"
}

@MISC{
  FPD,
  author = {J. Schwarz},
  title = {24th KATRIN collaboration meeting - The Focal-Plane Detector System},
  year = {2013},
  howpublished = "\url{http://fuzzy.fzk.de/bscw/bscw.cgi/d774296/95-TRP-5414-S4-JSchwarz.pdf}",
  note = "[Online; accessed 01-09-2013]"
}

@MISC{
particlesSM,
author = {W. Rodejohann},
year = {2013},
title = {standard model elementary particles},
howpublished = {\url{http://www.mpi-hd.mpg.de/manitop/StandardModel/pics/standard_model_elementary_particles.png}},
note = "[Online, accessed 05-09-2013]"
}

@MISC{
proposalM12,
author  = {M. Asda},
year  = {2013},
title = {Katrin SDS measurements - Proposal M12},
howpublished = {\url{http://www.katrin.kit.edu}}
}

@MISC{
macEFilter,
author = {KATRIN},
year = {2006},
title = {MAC E Filter},
howpublished = {\url{http://www.katrin.kit.edu/img/mace_electrodes_rdax_1200x1200.gif}}
}

@ARTICLE{
fermi,
author = {E. Fermi},
title = {Versuch einer Theorie der $\beta$ Strahlen},
howpublished = "\url{http://www.nssp.uni-saarland.de/lehre/Vorlesung/Kernphysik_SS13/History/Papers/Fermi_1.pdf}",
note = "[Online, accessed 06-09-2013]"
}

@ARTICLE{
neutrinoEvidence,
author = {C. L. Cowan and F. Reines and F. B. Harrison and H. W. Kruse and A. D. McGuire},
title = {Detection of the Free Neutrino: a Confirmation},
journal = "Science ",
volume = "124",
number = "3211",
pages = "103-104",
year = "1956",
url = "http://www.sciencemag.org/content/124/3212/103.full.pdf",
note = "[Online, accessed 06-09-2013]"
}

@article{muNeutrino,
  title = {Observation of High-Energy Neutrino Reactions and the Existence of Two Kinds of Neutrinos},
  author = {Danby, G. and Gaillard, J-M. and Goulianos, K. and Lederman, L. M. and Mistry, N. and Schwartz, M. and Steinberger, J.},
  journal = {Phys. Rev. Lett.},
  volume = {9},
  issue = {1},
  pages = {36--44},
  year = {1962},
  month = {Jul},
  doi = {10.1103/PhysRevLett.9.36},
  url = {http://link.aps.org/doi/10.1103/PhysRevLett.9.36},
  publisher = {American Physical Society}
}

@article{tauNeutrino,
title = "Observation of tau neutrino interactions ",
journal = "Physics Letters B ",
volume = "504",
number = "3",
pages = "218 - 224",
year = "2001",
note = "",
issn = "0370-2693",
doi = "http://dx.doi.org/10.1016/S0370-2693(01)00307-0",
url = "http://www.sciencedirect.com/science/article/pii/S0370269301003070",
author = "K. Kodama and N. Ushida and C. Andreopoulos and others"
}
@MISC{
	wetterCom,
	title = {pressure and temperature data from wetter.com},
	year = "2012",
	author = "Manfred Klemann",
	howpublished = "\url{http://www.wetter.com/wetter_aktuell/rueckblick/?id=DE0005309}"
}
@ARTICLE{
reviewOfParticlePhysics,
title = "2012 Review of Particle Physics",
author = "J. Beringer and others",
collaboration = "Particle Data Group",
year = "2012",
journal = "Phys. Rev. D86",
volume = "010001"
}
@article{
dayaBay,
title = "Observation of electron-antineutrino disappearance at Daya Bay",
author = "F.P. An and others",
year = 2012,
journal = "Phys. Rev. Lett. 108",
volume = "108",
howpublished = "\url{http://arxiv.org/abs/1203.1669}"
}


@MISC{
neutrinoSources,
title = "neutrinoSources",
author = "DESY",
year = "2013",
howpublished = "\url{http://neutrino.desy.de/sites/site_neutrino/content/e45955/e116880/e116914/neutrino_spectrum.png}"
}

@article{LENA,
      author         = "Wurm, Michael and others",
      title          = "{The next-generation liquid-scintillator neutrino
                        observatory LENA}",
      collaboration  = "LENA Collaboration",
      journal        = "Astropart.Phys.",
      volume         = "35",
      pages          = "685-732",
      doi            = "10.1016/j.astropartphys.2012.02.011",
      year           = "2012",
      eprint         = "1104.5620",
      archivePrefix  = "arXiv",
      primaryClass   = "astro-ph.IM",
      SLACcitation   = "%%CITATION = ARXIV:1104.5620;%%",
}

@MISC{
WGTSDrexlin,
year = 2012,
author = "Drexlin, G.",
title = "WGTS",
howpublished = "\url{http://fuzzy.fzk.de/bscw/bscw.cgi/d736434/95-TRP-5205-S2-GDrexlin.pptx}"
}

@article{Wu,
  title = {Experimental Test of Parity Conservation in Beta Decay},
  author = {Wu, C. S. and Ambler, E. and Hayward, R. W. and Hoppes, D. D. and Hudson, R. P.},
  journal = {Phys. Rev.},
  volume = {105},
  issue = {4},
  pages = {1413--1415},
  year = {1957},
  month = {Feb},
  doi = {10.1103/PhysRev.105.1413},
  url = {http://link.aps.org/doi/10.1103/PhysRev.105.1413},
  publisher = {American Physical Society}
}
@BOOK{
bethgeKernphysik,
author = "Bethge",
title = "Kernphysik",
year = "2006",
issue = {1},
pages = {342},
page = {233}
}

@article{superallowance,
author = {R. G. H. Robertson, D. A. Knapp},
journal = {Annual Review of Nucear Science},
issue = {38},
year = "1988"
}

@article{MARE2007,

title = "MARE, Microcalorimeter Arrays for a Rhenium Experiment: A detector overview ",

journal = "Nuclear Instruments and Methods in Physics Research Section A: Accelerators, Spectrometers, Detectors and Associated Equipment ",

volume = "572",

number = "1",

pages = "208 - 210",

year = "2007",

note = "Frontier Detectors for Frontier Physics - Proceedings of the 10th Pisa Meeting on Advanced Detectors",

issn = "0168-9002",

doi = "http://dx.doi.org/10.1016/j.nima.2006.10.198",

url = "http://www.sciencedirect.com/science/article/pii/S016890020602064X",

author = "E. Andreotti and C. Arnaboldi and others",

keywords = "Neutrino mass",

keywords = "Low temperature microcalorimeters "

}


@ARTICLE{neutrinoCosmology,
   author = {{Abazajian}, K.~N. and {Calabrese}, E. and {Cooray}, A. and 
	{de Bernardis}, F. and {Dodelson}, S. and {Friedland}, A. and 
	{Fuller}, G.~M. and {Hannestad}, S. and {Keating}, B.~G. and 
	{Linder}, E.~V. and {Lunardini}, C. and {Melchiorri}, A. and 
	{Miquel}, R. and {Pierpaoli}, E. and {Pritchard}, J. and {Serra}, P. and 
	{Takada}, M. and {Wong}, Y.~Y.~Y.},
    title = "{Cosmological and astrophysical neutrino mass measurements}",
  journal = {Astroparticle Physics},
archivePrefix = "arXiv",
   eprint = {1103.5083},
 primaryClass = "astro-ph.CO",
     year = 2011,
    month = nov,
   volume = 35,
    pages = {177-184},
      doi = {10.1016/j.astropartphys.2011.07.002},
   adsurl = {http://adsabs.harvard.edu/abs/2011APh....35..177A},
  adsnote = {Provided by the SAO/NASA Astrophysics Data System}
}
@ARTICLE{WMAP,
   author = {{Komatsu}, E. and {Smith}, K.~M. and {Dunkley}, J. and {Bennett}, C.~L. and 
	{Gold}, B. and {Hinshaw}, G. and {Jarosik}, N. and {Larson}, D. and 
	{Nolta}, M.~R. and {Page}, L. and {Spergel}, D.~N. and {Halpern}, M. and 
	{Hill}, R.~S. and {Kogut}, A. and {Limon}, M. and {Meyer}, S.~S. and 
	{Odegard}, N. and {Tucker}, G.~S. and {Weiland}, J.~L. and {Wollack}, E. and 
	{Wright}, E.~L.},
    title = "{Seven-year Wilkinson Microwave Anisotropy Probe (WMAP) Observations: Cosmological Interpretation}",
  journal = {apjs},
archivePrefix = "arXiv",
   eprint = {1001.4538},
 primaryClass = "astro-ph.CO",
 keywords = {cosmic background radiation, cosmology: observations, dark matter, early universe, space vehicles},
     year = 2011,
    month = feb,
   volume = 192,
      eid = {18},
    pages = {18},
      doi = {10.1088/0067-0049/192/2/18},
   adsurl = {http://adsabs.harvard.edu/abs/2011ApJS..192...18K},
  adsnote = {Provided by the SAO/NASA Astrophysics Data System}
}

@article{SDSS,
      author         = "Reid, Beth A. and
                        others",
      title          = "{Cosmological Constraints from the Clustering of the
                        Sloan Digital Sky Survey DR7 Luminous Red Galaxies}",
      journal        = "Mon.Not.Roy.Astron.Soc.",
      volume         = "404",
      pages          = "60-85",
      doi            = "10.1111/j.1365-2966.2010.16276.x",
      year           = "2010",
      eprint         = "0907.1659",
      archivePrefix  = "arXiv",
      primaryClass   = "astro-ph.CO",
      SLACcitation   = "%%CITATION = ARXIV:0907.1659;%%",
}

